<record><leader>00000cas a22000007a 4500</leader><controlfield tag="001">10698517</controlfield><controlfield tag="008">840507c19829999wiudn ne      0   a0eng d</controlfield><datafield ind1=" " ind2=" " tag="010"><subfield code="a">sn 84005775 </subfield></datafield><datafield ind1=" " ind2=" " tag="040"><subfield code="a">NSD</subfield><subfield code="b">eng</subfield><subfield code="c">NSD</subfield><subfield code="d">NPV</subfield><subfield code="d">OCLCQ</subfield></datafield><datafield ind1=" " ind2=" " tag="012"><subfield code="m">1</subfield></datafield><datafield ind1="1" ind2=" " tag="022"><subfield code="a">0747-2927</subfield><subfield code="l">0747-2927</subfield><subfield code="2">1</subfield></datafield><datafield ind1=" " ind2=" " tag="032"><subfield code="a">439020</subfield><subfield code="b">USPS</subfield></datafield><datafield ind1=" " ind2=" " tag="037"><subfield code="b">Daily Register, POB 470, Portage, WI 53901-0470</subfield></datafield><datafield ind1=" " ind2=" " tag="042"><subfield code="a">nsdp</subfield></datafield><datafield ind1="0" ind2=" " tag="130"><subfield code="a">Daily register (Portage, Wis.)</subfield></datafield><datafield ind1=" " ind2="4" tag="222"><subfield code="a">The Daily register</subfield><subfield code="b">(Portage, Wis.)</subfield></datafield><datafield ind1="1" ind2="4" tag="245"><subfield code="a">The daily register.</subfield></datafield><datafield ind1=" " ind2=" " tag="260"><subfield code="a">Portage, Wis. :</subfield><subfield code="b">J.M. Lavine,</subfield><subfield code="c">1982-</subfield></datafield><datafield ind1=" " ind2=" " tag="300"><subfield code="a">v.</subfield></datafield><datafield ind1=" " ind2=" " tag="310"><subfield code="a">Daily (except Sunday and certain holidays)</subfield></datafield><datafield ind1="0" ind2=" " tag="362"><subfield code="a">Vol. 98, no. 104 (May 3, 1982)-</subfield></datafield><datafield ind1=" " ind2=" " tag="752"><subfield code="a">United States</subfield><subfield code="b">Wisconsin</subfield><subfield code="c">Columbia</subfield><subfield code="d">Portage.</subfield></datafield><datafield ind1="0" ind2="0" tag="780"><subfield code="t">Portage daily register (Portage, Wis. : 1960)</subfield><subfield code="w">(DLC)sn 87082092</subfield></datafield><datafield ind1=" " ind2=" " tag="936"><subfield code="a">Apr. 26, 1984</subfield></datafield></record>